
@book{tiemann15,
  title = {{Principles of Kiln-drying Lumber}},
  author = {Tiemann, H.D.},
  url = {https://books.google.co.nz/books?id=EmbGoQEACAAJ},
  year = {1915},
}

  